<?xml version="1.0" encoding="UTF-8"?><collection xmlns="http://www.loc.gov/MARC21/slim"><record><leader>00424nam--2200133-i-4500</leader><controlfield tag="001">000043480</controlfield><controlfield tag="002">20161230</controlfield><controlfield tag="005">20161230201044</controlfield><controlfield tag="008">060222s1000------------r-----000-0-eng-d</controlfield><datafield ind1=" " ind2=" " tag="080"><subfield code="a">543.51(043)</subfield></datafield><datafield ind1=" " ind2=" " tag="100"><subfield code="a">Tabet,Jean-claude</subfield></datafield><datafield ind1=" " ind2=" " tag="245"><subfield code="a">Mise en evidence d`une nouvelle transposition an spectrometrie de masse. etude qualitative et euntitative. these</subfield></datafield><datafield ind1=" " ind2=" " tag="260"><subfield code="a">Paris, Univ.De Paris Xi, 1973. 229 P.+ 15 Fig</subfield></datafield><datafield ind1=" " ind2=" " tag="852"><subfield code="a">42172</subfield></datafield></record></collection>